@article{greenwade933,
    author  = "George D. Greenwade",
    title   = "The {C}omprehensive {T}ex {A}rchive {N}etwork ({CTAN})",
    year    = "1993",
    journal = "TUGBoat",
    volume  = "14",
    number  = "3",
    pages   = "342--351"
}

@article{hci_overview,
    author  = "Alex Roney Mathew and A. Al Hajj and A. Al Abri",
    title   = "Human-Computer Interaction (HCI): An overview",
    year    = "2011",
    journal = "IEEE International Conference on Computer Science and Automation Engineering",
    pages   = "99--100"
}

@article{xai,
    author  = "M. Nazar and M. M. Alam and E. Yafi and M. M. Su’ud,",
    title   = "A Systematic Review of Human–Computer Interaction and Explainable Artificial Intelligence in Healthcare With Artificial Intelligence Techniques",
    year    = "2021",
    journal = "IEEE Access",
    volume  = "9",
    pages   = "153316--153348"
}

@article{requirements,
    author  = "K. Zamania and D. Zowghi and C. Arora",
    title   = "Machine Learning in Requirements Engineering: A Mapping Study",
    year    = "2021",
    journal = "IEEE 29th International Requirements Engineering Conference Workshops (REW)",
    pages   = "116--125"
}


@article{behavioralSE,
    author  = "P. Lenberg and R. Feldt and L. G. Wallgren",
    title   = "Behavioral software engineering: A definition and systematic literature review,",
    year    = "2021",
    journal = "Journal of Systems and Software",
    volume  = "107",
    pages   = "15--37"
}

@article{microsoft,
    author  = "S. Amershi and y and y and z",
    title   = "Software Engineering for Machine Learning: A Case Study",
    year    = "2019",
    journal = "IEEE/ACM 41st International Conference on Software Engineering: Software Engineering in Practice (ICSE-SEIP)",
    pages   = "291--300"
}

@article{depth,
    author  = "D. Sculley and Gary Holt and Daniel Golovin and Eugene Davydov and Todd Phillips and Dietmar Ebner and Vinay Chaudhary and Michael Young and Jean-François Crespo and Dan Dennison",
    title   = "Hidden Technical Debt in Machine Learning Systems",
    year    = "2015",
    journal = "Advances in Neural Information Processing Systems 28 (NIPS 2015)"
}