@article{Domingo-Enrich2020Feb,
	author = {Domingo-Enrich, Carles and Jelassi, Samy and Mensch, Arthur and Rotskoff, Grant and Bruna, Joan},
	title = {{A mean-field analysis of two-player zero-sum games}},
	journal = {arXiv},
	year = {2020},
	month = {2},
	eprint = {2002.06277},
	doi = {10.48550/arXiv.2002.06277}
}

@article{Ramey2021Jul,
	author = {Ramey, Jay},
	title = {{Tesla FSD Mistakes Moon for Yellow Traffic Light}},
	journal = {Autoweek},
	year = {2021},
	month = jul,
	publisher = {Autoweek},
	url = {https://www.autoweek.com/news/green-cars/a37114603/tesla-fsd-mistakes-moon-for-traffic-light}
}